<record><leader>00000cas a2200000 a 4500</leader><controlfield tag="001">10864292</controlfield><controlfield tag="008">840620d19131913ksuwr ne      0   a0eng d</controlfield><datafield ind1=" " ind2=" " tag="010"><subfield code="a">sn 84029229 </subfield></datafield><datafield ind1=" " ind2=" " tag="040"><subfield code="a">KSH</subfield><subfield code="b">eng</subfield><subfield code="c">KSH</subfield><subfield code="d">NPT</subfield><subfield code="d">OCL</subfield><subfield code="d">OCLCQ</subfield></datafield><datafield ind1=" " ind2=" " tag="042"><subfield code="a">msc</subfield></datafield><datafield ind1="0" ind2=" " tag="130"><subfield code="a">Pittsburg democrat (Pittsburg, Kan. : 1913)</subfield></datafield><datafield ind1="1" ind2="4" tag="245"><subfield code="a">The Pittsburg democrat.</subfield></datafield><datafield ind1=" " ind2=" " tag="260"><subfield code="a">Pittsburg, Kan. :</subfield><subfield code="b">[s.n.],</subfield><subfield code="c">1913.</subfield></datafield><datafield ind1=" " ind2=" " tag="300"><subfield code="a">1 v. ;</subfield><subfield code="c">55 cm.</subfield></datafield><datafield ind1=" " ind2=" " tag="310"><subfield code="a">Weekly</subfield></datafield><datafield ind1="0" ind2=" " tag="362"><subfield code="a">Vol. 32, no. 22 (May 29, 1913)-v. 32, no. 46 (Nov. 13, 1913) = Whole no. 1602-no. 1626.</subfield></datafield><datafield ind1=" " ind2=" " tag="500"><subfield code="a">Published by: Benj. J. Gunn, Sept. 4-Nov. 13, 1913.</subfield></datafield><datafield ind1=" " ind2=" " tag="752"><subfield code="a">United States</subfield><subfield code="b">Kansas</subfield><subfield code="c">Crawford</subfield><subfield code="d">Pittsburg.</subfield></datafield><datafield ind1="0" ind2="0" tag="780"><subfield code="t">Girard times</subfield><subfield code="w">(DLC)sn 84029184</subfield></datafield><datafield ind1="0" ind2="0" tag="785"><subfield code="t">Gunn powder</subfield><subfield code="w">(DLC)sn 85067001</subfield></datafield></record>